<?xml version="1.0" encoding="UTF-8"?>
<OAI-PMH xmlns="http://www.openarchives.org/OAI/2.0/" xmlns:xsi="http://www.w3.org/2001/XMLSchema-instance" xsi:schemaLocation="http://www.openarchives.org/OAI/2.0/ http://www.openarchives.org/OAI/2.0/OAI-PMH.xsd">
<ListRecords>
<record>
<header status="updated">
<identifier>urm_publish:71283726740002121</identifier>
</header>
<metadata>
<record xmlns="http://www.loc.gov/MARC21/slim" xmlns:xsi="http://www.w3.org/2001/XMLSchema-instance" xsi:schemaLocation="http://www.loc.gov/MARC21/slim http://www.loc.gov/standards/marcxml/schema/MARC21slim.xsd" ><leader>01136nam a2200337 a 4500</leader><controlfield tag="005">19990604082155.0</controlfield><controlfield tag="008">840613s1982    at       b    00010 eng  </controlfield><controlfield tag="001">999550611802121</controlfield><datafield tag="010" ind1=" " ind2=" "><subfield code="a">   83142125 </subfield></datafield><datafield tag="020" ind1=" " ind2=" "><subfield code="a">0959926038 (pbk.)</subfield></datafield><datafield tag="035" ind1=" " ind2=" "><subfield code="a">(OCoLC)09366720</subfield></datafield><datafield tag="035" ind1=" " ind2=" "><subfield code="9">AEX4979UW</subfield></datafield><datafield tag="035" ind1=" " ind2=" "><subfield code="a">(WU)852005-uwmadisondb</subfield></datafield><datafield tag="039" ind1="0" ind2=" "><subfield code="a">2</subfield><subfield code="b">3</subfield><subfield code="c">3</subfield><subfield code="d">3</subfield><subfield code="e">3</subfield></datafield><datafield tag="040" ind1=" " ind2=" "><subfield code="a">DLC</subfield><subfield code="b">eng</subfield><subfield code="c">DLC</subfield><subfield code="d">GZM</subfield></datafield><datafield tag="043" ind1=" " ind2=" "><subfield code="a">u-at---</subfield><subfield code="a">u-nz---</subfield></datafield><datafield tag="050" ind1="0" ind2=" "><subfield code="a">G116</subfield><subfield code="b">.W33 1982</subfield></datafield><datafield tag="082" ind1="0" ind2=" "><subfield code="a">016.91</subfield><subfield code="2">19</subfield></datafield><datafield tag="090" ind1=" " ind2=" "><subfield code="a">Z6001</subfield><subfield code="b">.W33 1982</subfield></datafield><datafield tag="100" ind1="1" ind2=" "><subfield code="a">Wadley, David Alastair.</subfield><subfield code="2">LCNAMES</subfield><subfield code="0">41-LIBRARY_OF_CONGRESS-n  82249874</subfield><subfield code="9">Y</subfield></datafield><datafield tag="245" ind1="1" ind2="0"><subfield code="a">Australasian theses in geography, 1972-80 :</subfield><subfield code="b">analysis and classified bibliography /</subfield><subfield code="c">David Wadley and Elise Tugby.</subfield></datafield><datafield tag="264" ind1=" " ind2="1"><subfield code="a">St. Lucia, Qld., Australia :</subfield><subfield code="b">Dept. of Geography, University of Queensland,</subfield><subfield code="c">1982.</subfield></datafield><datafield tag="300" ind1=" " ind2=" "><subfield code="a">188 pages ;</subfield><subfield code="c">30 cm</subfield></datafield><datafield tag="336" ind1=" " ind2=" "><subfield code="a">text</subfield><subfield code="b">txt</subfield><subfield code="2">rdacontent</subfield></datafield><datafield tag="337" ind1=" " ind2=" "><subfield code="a">unmediated</subfield><subfield code="b">n</subfield><subfield code="2">rdamedia</subfield></datafield><datafield tag="338" ind1=" " ind2=" "><subfield code="a">volume</subfield><subfield code="b">nc</subfield><subfield code="2">rdacarrier</subfield></datafield><datafield tag="650" ind1=" " ind2="0"><subfield code="a">Dissertations, Academic</subfield><subfield code="z">Australia</subfield><subfield code="v">Bibliography.</subfield></datafield><datafield tag="650" ind1=" " ind2="0"><subfield code="a">Dissertations, Academic</subfield><subfield code="z">New Zealand</subfield><subfield code="v">Bibliography.</subfield><subfield code="2">LCSH</subfield><subfield code="0">41-LIBRARY_OF_CONGRESS-sh 85038494</subfield><subfield code="9">Y</subfield></datafield><datafield tag="650" ind1=" " ind2="0"><subfield code="a">Geography</subfield><subfield code="v">Bibliography.</subfield><subfield code="2">LCSH</subfield><subfield code="0">41-LIBRARY_OF_CONGRESS-sh2008105144</subfield><subfield code="9">Y</subfield></datafield><datafield tag="700" ind1="1" ind2=" "><subfield code="a">Tugby, E. E.</subfield><subfield code="2">LCNAMES</subfield><subfield code="0">41-LIBRARY_OF_CONGRESS-n  82249873</subfield><subfield code="9">Y</subfield></datafield><datafield tag="997" ind1=" " ind2=" "><subfield code="a">MARCIVE</subfield></datafield><datafield tag="700" ind1="1" ind2=" "><subfield code="a">Tugby, Elise</subfield><subfield code="2">LCNAMES</subfield><subfield code="0">41-LIBRARY_OF_CONGRESS-n  82249873</subfield><subfield code="9">N</subfield></datafield><datafield tag="650" ind1=" " ind2="0"><subfield code="a">Academic dissertations</subfield><subfield code="2">LCSH</subfield><subfield code="0">41-LIBRARY_OF_CONGRESS-sh 85038494</subfield><subfield code="9">N</subfield></datafield><datafield tag="650" ind1=" " ind2="0"><subfield code="a">Programs, Academic</subfield><subfield code="2">LCSH</subfield><subfield code="0">41-LIBRARY_OF_CONGRESS-sh 85038494</subfield><subfield code="9">N</subfield></datafield><datafield tag="650" ind1=" " ind2="0"><subfield code="a">Theses</subfield><subfield code="2">LCSH</subfield><subfield code="0">41-LIBRARY_OF_CONGRESS-sh 85038494</subfield><subfield code="9">N</subfield></datafield><datafield tag="650" ind1=" " ind2="0"><subfield code="a">Thesis writing</subfield><subfield code="2">LCSH</subfield><subfield code="0">41-LIBRARY_OF_CONGRESS-sh 85038494</subfield><subfield code="9">N</subfield></datafield><datafield tag="650" ind1=" " ind2="0"><subfield code="a">Universities and colleges</subfield><subfield code="x">Dissertations</subfield><subfield code="2">LCSH</subfield><subfield code="0">41-LIBRARY_OF_CONGRESS-sh 85038494</subfield><subfield code="9">N</subfield></datafield><datafield tag="650" ind1=" " ind2="0"><subfield code="a">Academic disputations</subfield><subfield code="2">LCSH</subfield><subfield code="0">41-LIBRARY_OF_CONGRESS-sh 85038494</subfield><subfield code="9">R</subfield></datafield><datafield tag="100" ind1="1" ind2=" "><subfield code="a">Wadley, David</subfield><subfield code="2">LCNAMES</subfield><subfield code="0">41-LIBRARY_OF_CONGRESS-n  82249874</subfield><subfield code="9">N</subfield></datafield><datafield tag="100" ind1="1" ind2=" "><subfield code="a">Wadley, D. A.</subfield><subfield code="q">(David Alastair)</subfield><subfield code="2">LCNAMES</subfield><subfield code="0">41-LIBRARY_OF_CONGRESS-n  82249874</subfield><subfield code="9">N</subfield></datafield><datafield tag="INST" ind1=" " ind2=" "><subfield code="a">01UWI_NETWORK</subfield><subfield code="b">P</subfield><subfield code="c">71283726740002121</subfield></datafield><datafield tag="INST" ind1=" " ind2=" "><subfield code="a">01UWI_MAD</subfield><subfield code="b">P</subfield><subfield code="c">21507224000002122</subfield></datafield><datafield tag="INST" ind1=" " ind2=" "><subfield code="a">01UWI_ML</subfield><subfield code="b">P</subfield><subfield code="c">21201484050002124</subfield></datafield><datafield tag="AVA" ind1=" " ind2=" "><subfield code="0">998520053602122</subfield><subfield code="8">22854728320002122</subfield><subfield code="a">01UWI_MAD</subfield><subfield code="b">REMOTE</subfield><subfield code="c">by request only</subfield><subfield code="d">G116 W33 1982</subfield><subfield code="e">available</subfield><subfield code="f">1</subfield><subfield code="g">0</subfield><subfield code="j">vsf</subfield><subfield code="k">0</subfield><subfield code="p">1</subfield><subfield code="q">Verona Shelving Facility</subfield></datafield><datafield tag="AVA" ind1=" " ind2=" "><subfield code="0">994677813402124</subfield><subfield code="8">22201484040002124</subfield><subfield code="a">01UWI_ML</subfield><subfield code="b">MIL</subfield><subfield code="c">Stacks</subfield><subfield code="d">Z6001 W33x 1982</subfield><subfield code="e">available</subfield><subfield code="f">1</subfield><subfield code="g">0</subfield><subfield code="j">stk</subfield><subfield code="k">0</subfield><subfield code="p">1</subfield><subfield code="q">UW Milwaukee</subfield></datafield><datafield tag="MMS" ind1=" " ind2=" "><subfield code="b">999550611802121</subfield><subfield code="a">01UWI_NETWORK</subfield></datafield><datafield tag="MMS" ind1=" " ind2=" "><subfield code="b">998520053602122</subfield><subfield code="a">01UWI_MAD</subfield></datafield><datafield tag="MMS" ind1=" " ind2=" "><subfield code="b">994677813402124</subfield><subfield code="a">01UWI_ML</subfield></datafield></record>
</metadata>
</record>
</ListRecords>
</OAI-PMH>